@article{Crow2016,
  title = {Improved Error Thresholds for Measurement-Free Error Correction},
  author = {Crow, Daniel and Joynt, Robert and Saffman, M.},
  journal = {Phys. Rev. Lett.},
  volume = {117},
  issue = {13},
  pages = {130503},
  numpages = {5},
  year = {2016},
  month = {Sep},
  publisher = {American Physical Society},
  doi = {10.1103/PhysRevLett.117.130503},
  url = {https://link.aps.org/doi/10.1103/PhysRevLett.117.130503}
}


@book{NielsenChuang,
	author = {Nielsen, Michael A. and Chuang, Isaac L.},
	title = {Quantum Computation and Quantum Information: 10th Anniversary Edition},
	year = {2011},
	isbn = {1107002176, 9781107002173},
	edition = {10th},
	publisher = {Cambridge University Press},
	address = {New York, NY, USA},
} 


@book{Pless,
	author = {Pless, Vera},
	title = {Introduction to the Theory of Error-Correcting Codes},
	year = {1982},
	isbn = {9780471190479},
	edition = {3rd},
	publisher = {Wiley-Interscience},
	address = {New York, NY, USA},
} 

@article{Fujiwara2014,
	title = {Ability of stabilizer quantum error correction to protect itself from its own imperfection},
	author = {Fujiwara, Yuichiro},
	journal = {Phys. Rev. A},
	volume = {90},
	issue = {6},
	pages = {062304},
	numpages = {8},
	year = {2014},
	month = {Dec},
	publisher = {American Physical Society},
	doi = {10.1103/PhysRevA.90.062304},
	url = {https://link.aps.org/doi/10.1103/PhysRevA.90.062304}
}

@INPROCEEDINGS{Ashikhmin2014, 
	author={A. {Ashikhmin} and C. {Lai} and T. A. {Brun}}, 
	booktitle={2014 IEEE International Symposium on Information Theory}, 
	title={Robust quantum error syndrome extraction by classical coding}, 
	year={2014}, 
	volume={}, 
	number={}, 
	pages={546-550}, 
	keywords={error correction codes;matrix algebra;robust quantum error syndrome extraction;classical coding;quantum computer;quantum information protection;fault tolerant quantum computation;error syndromes;syndrome measurement errors;low density generator matrix;LDGM codes;EXIT functions;quantum error correcting code;quantum information;Vectors;Parity check codes;Generators;Measurement uncertainty;Decoding;Robustness}, 
	doi={10.1109/ISIT.2014.6874892}, 
	ISSN={2157-8117}, 
	month={June},}


@ARTICLE{Fujiwara2015, 
	author={Y. {Fujiwara} and A. {Gruner} and P. {Vandendriessche}}, 
	journal={IEEE Transactions on Information Theory}, 
	title={High-Rate Quantum Low-Density Parity-Check Codes Assisted by Reliable Qubits}, 
	year={2015}, 
	volume={61}, 
	number={4}, 
	pages={1860-1878}, 
	keywords={binary codes;digital communication;error correction codes;parity check codes;quantum communication;telecommunication network reliability;high-rate quantum low-density parity-check codes;quantum error-correcting codes;quantum information processing;digital communications;digital computation;binary linear code;reliable quantum bits;Error correction codes;Parity check codes;Linear codes;Vectors;Noise measurement;Quantum entanglement;Quantum error correction;low-density paritycheck code;combinatorial design;entanglement-assisted quantum error-correcting code;Quantum error correction;low-density parity-check code;combinatorial design;entanglement-assisted quantum error-correcting code}, 
	doi={10.1109/TIT.2015.2398436}, 
	ISSN={0018-9448}, 
	month={April},}

@Incollection{Preskill1999,
booktitle = {Introduction to Quantum Computation and Information},
editor = {Lo, Hoi-Kwong and Spiller, Tim and Popescu, Sandu},
author = {John Preskill},
title = {Fault-Tolerant Quantum Computing},
publisher = {World Scientific},
year = {1999},
doi = {10.1142/3724},
URL = {https://www.worldscientific.com/doi/abs/10.1142/3724},
eprint = {https://www.worldscientific.com/doi/pdf/10.1142/3724}
}

@article{Steane1996,
	title = {Error Correcting Codes in Quantum Theory},
	author = {Steane, A. M.},
	journal = {Phys. Rev. Lett.},
	volume = {77},
	issue = {5},
	pages = {793--797},
	numpages = {0},
	year = {1996},
	month = {Jul},
	publisher = {American Physical Society},
	doi = {10.1103/PhysRevLett.77.793},
	url = {https://link.aps.org/doi/10.1103/PhysRevLett.77.793}
}
@INPROCEEDINGS{Shor1996, 
author={P. W. {Shor}}, 
booktitle={Proceedings of 37th Conference on Foundations of Computer Science}, 
title={Fault-tolerant quantum computation}, 
year={1996}, 
volume={}, 
number={}, 
pages={56-65}, 
keywords={quantum theory;quantum mechanics;quantum computation;decoherence;fault-tolerant;long computations;quantum error-correcting codes;quantum circuit;Quantum computing;Fault tolerance;Quantum mechanics;Mechanical factors;Polynomials;Computational modeling;Circuits;Error correction codes;Decoding;Interference}, 
doi={10.1109/SFCS.1996.548464}, 
ISSN={0272-5428}, 
month={Oct},}

@article{DiVincenzo1996,
  title = {Fault-Tolerant Error Correction with Efficient Quantum Codes},
  author = {DiVincenzo, David P. and Shor , Peter W.},
  journal = {Phys. Rev. Lett.},
  volume = {77},
  issue = {15},
  pages = {3260--3263},
  numpages = {0},
  year = {1996},
  month = {Oct},
  publisher = {American Physical Society},
  doi = {10.1103/PhysRevLett.77.3260},
  url = {https://link.aps.org/doi/10.1103/PhysRevLett.77.3260}
}
@article{Chao2018,
  title = {Quantum Error Correction with Only Two Extra Qubits},
  author = {Chao, Rui and Reichardt, Ben W.},
  journal = {Phys. Rev. Lett.},
  volume = {121},
  issue = {5},
  pages = {050502},
  numpages = {5},
  year = {2018},
  month = {Aug},
  publisher = {American Physical Society},
  doi = {10.1103/PhysRevLett.121.050502},
  url = {https://link.aps.org/doi/10.1103/PhysRevLett.121.050502}
}

@article{Gottesman1996,
  title = {Class of quantum error-correcting codes saturating the quantum Hamming bound},
  author = {Gottesman, Daniel},
  journal = {Phys. Rev. A},
  volume = {54},
  issue = {3},
  pages = {1862--1868},
  numpages = {0},
  year = {1996},
  month = {Sep},
  publisher = {American Physical Society},
  doi = {10.1103/PhysRevA.54.1862},
  url = {https://link.aps.org/doi/10.1103/PhysRevA.54.1862}
}

@article{Rudolf1985,
author = {Mathon, Rudolf and Rosa, Alexander},
year = {1985},
month = {12},
pages = {65-96},
title = {Tables of parameters of BIBDs with r â‰¤ 41 including existence, enumeration and resolvability results: An update},
volume = {30},
journal = {North-Holland Mathematics Studies},
doi = {10.1016/S0304-0208(08)72986-4}
}