@FOOTNOTE{Note1,key="Note1",note=" 2-designs are also known as balanced incomplete block designs. Our sense of the word 2-design is not related to quantum 2-designs, which are probability distributions over quantum states."}
